%YAML 1.1
%TAG !u! tag:unity3d.com,2011:
--- !u!1001 &100100000
Prefab:
  m_ObjectHideFlags: 1
  serializedVersion: 2
  m_Modification:
    m_TransformParent: {fileID: 0}
    m_Modifications: []
    m_RemovedComponents: []
  m_ParentPrefab: {fileID: 0}
  m_RootGameObject: {fileID: 1271552329485700}
  m_IsPrefabParent: 1
--- !u!1 &1156663751663788
GameObject:
  m_ObjectHideFlags: 0
  m_PrefabParentObject: {fileID: 0}
  m_PrefabInternal: {fileID: 100100000}
  serializedVersion: 5
  m_Component:
  - component: {fileID: 4332685982800924}
  - component: {fileID: 65909411511166114}
  - component: {fileID: 54100539009955772}
  - component: {fileID: 114281205128694066}
  m_Layer: 0
  m_Name: BuildingEnd
  m_TagString: BuildingEnd
  m_Icon: {fileID: 0}
  m_NavMeshLayer: 0
  m_StaticEditorFlags: 0
  m_IsActive: 1
--- !u!1 &1271552329485700
GameObject:
  m_ObjectHideFlags: 0
  m_PrefabParentObject: {fileID: 0}
  m_PrefabInternal: {fileID: 100100000}
  serializedVersion: 5
  m_Component:
  - component: {fileID: 4500370782937026}
  - component: {fileID: 114827723804205414}
  - component: {fileID: 114272672926478254}
  m_Layer: 0
  m_Name: BuildingMed1
  m_TagString: Untagged
  m_Icon: {fileID: 0}
  m_NavMeshLayer: 0
  m_StaticEditorFlags: 0
  m_IsActive: 1
--- !u!1 &1323508249563092
GameObject:
  m_ObjectHideFlags: 0
  m_PrefabParentObject: {fileID: 0}
  m_PrefabInternal: {fileID: 100100000}
  serializedVersion: 5
  m_Component:
  - component: {fileID: 4585899818512570}
  m_Layer: 0
  m_Name: MeshHandle
  m_TagString: Untagged
  m_Icon: {fileID: 0}
  m_NavMeshLayer: 0
  m_StaticEditorFlags: 0
  m_IsActive: 1
--- !u!1 &1805475267940842
GameObject:
  m_ObjectHideFlags: 1
  m_PrefabParentObject: {fileID: 0}
  m_PrefabInternal: {fileID: 100100000}
  serializedVersion: 5
  m_Component:
  - component: {fileID: 4045112672040514}
  - component: {fileID: 33233108252459292}
  - component: {fileID: 23126587095443902}
  - component: {fileID: 114850428372211256}
  m_Layer: 0
  m_Name: main
  m_TagString: Untagged
  m_Icon: {fileID: 0}
  m_NavMeshLayer: 0
  m_StaticEditorFlags: 0
  m_IsActive: 1
--- !u!1 &1915587209057952
GameObject:
  m_ObjectHideFlags: 1
  m_PrefabParentObject: {fileID: 0}
  m_PrefabInternal: {fileID: 100100000}
  serializedVersion: 5
  m_Component:
  - component: {fileID: 4618605939764174}
  - component: {fileID: 33475775671420272}
  - component: {fileID: 23311912157962680}
  - component: {fileID: 114428362974631836}
  m_Layer: 0
  m_Name: trim
  m_TagString: Untagged
  m_Icon: {fileID: 0}
  m_NavMeshLayer: 0
  m_StaticEditorFlags: 0
  m_IsActive: 1
--- !u!1 &1928911242689712
GameObject:
  m_ObjectHideFlags: 1
  m_PrefabParentObject: {fileID: 0}
  m_PrefabInternal: {fileID: 100100000}
  serializedVersion: 5
  m_Component:
  - component: {fileID: 4944144839590374}
  - component: {fileID: 33848130095075882}
  - component: {fileID: 23220859247265790}
  - component: {fileID: 114617344792902658}
  m_Layer: 0
  m_Name: windows
  m_TagString: Untagged
  m_Icon: {fileID: 0}
  m_NavMeshLayer: 0
  m_StaticEditorFlags: 0
  m_IsActive: 1
--- !u!4 &4045112672040514
Transform:
  m_ObjectHideFlags: 1
  m_PrefabParentObject: {fileID: 0}
  m_PrefabInternal: {fileID: 100100000}
  m_GameObject: {fileID: 1805475267940842}
  m_LocalRotation: {x: 0.00000008146035, y: -0.0000005960464, z: -2.4868992e-14, w: 1}
  m_LocalPosition: {x: 0.0078583965, y: 4.13, z: 0.9863215}
  m_LocalScale: {x: 35.329147, y: 35.32914, z: 35.32914}
  m_Children: []
  m_Father: {fileID: 4585899818512570}
  m_RootOrder: 2
  m_LocalEulerAnglesHint: {x: 0, y: 0, z: 0}
--- !u!4 &4332685982800924
Transform:
  m_ObjectHideFlags: 1
  m_PrefabParentObject: {fileID: 0}
  m_PrefabInternal: {fileID: 100100000}
  m_GameObject: {fileID: 1156663751663788}
  m_LocalRotation: {x: -0, y: -0, z: -0, w: 1}
  m_LocalPosition: {x: 0, y: 0.91635334, z: 6.5}
  m_LocalScale: {x: 6.7815213, y: 7.502789, z: 9.056989}
  m_Children: []
  m_Father: {fileID: 4500370782937026}
  m_RootOrder: 1
  m_LocalEulerAnglesHint: {x: 0, y: 0, z: 0}
--- !u!4 &4500370782937026
Transform:
  m_ObjectHideFlags: 1
  m_PrefabParentObject: {fileID: 0}
  m_PrefabInternal: {fileID: 100100000}
  m_GameObject: {fileID: 1271552329485700}
  m_LocalRotation: {x: 0, y: 0, z: 0, w: 1}
  m_LocalPosition: {x: -0.9653015, y: 0.12692705, z: 225.03598}
  m_LocalScale: {x: 1, y: 1, z: 1}
  m_Children:
  - {fileID: 4585899818512570}
  - {fileID: 4332685982800924}
  m_Father: {fileID: 0}
  m_RootOrder: 0
  m_LocalEulerAnglesHint: {x: 0, y: 0, z: 0}
--- !u!4 &4585899818512570
Transform:
  m_ObjectHideFlags: 1
  m_PrefabParentObject: {fileID: 0}
  m_PrefabInternal: {fileID: 100100000}
  m_GameObject: {fileID: 1323508249563092}
  m_LocalRotation: {x: 0, y: 0.7071068, z: 0, w: 0.7071068}
  m_LocalPosition: {x: -0.0037062764, y: 0.00000023841858, z: -0.02684021}
  m_LocalScale: {x: 1, y: 1, z: 1}
  m_Children:
  - {fileID: 4944144839590374}
  - {fileID: 4618605939764174}
  - {fileID: 4045112672040514}
  m_Father: {fileID: 4500370782937026}
  m_RootOrder: 0
  m_LocalEulerAnglesHint: {x: 0, y: 90, z: 0}
--- !u!4 &4618605939764174
Transform:
  m_ObjectHideFlags: 1
  m_PrefabParentObject: {fileID: 0}
  m_PrefabInternal: {fileID: 100100000}
  m_GameObject: {fileID: 1915587209057952}
  m_LocalRotation: {x: 0.00000008146035, y: -0.0000005960464, z: -2.4868992e-14, w: 1}
  m_LocalPosition: {x: 0.0078583965, y: 4.13, z: 0.9863208}
  m_LocalScale: {x: 35.329147, y: 35.32914, z: 35.32914}
  m_Children: []
  m_Father: {fileID: 4585899818512570}
  m_RootOrder: 1
  m_LocalEulerAnglesHint: {x: 0, y: 0, z: 0}
--- !u!4 &4944144839590374
Transform:
  m_ObjectHideFlags: 1
  m_PrefabParentObject: {fileID: 0}
  m_PrefabInternal: {fileID: 100100000}
  m_GameObject: {fileID: 1928911242689712}
  m_LocalRotation: {x: 0.00000008146035, y: -0.0000005960464, z: -2.4868992e-14, w: 1}
  m_LocalPosition: {x: 0.0078583965, y: 4.13, z: 0.9863208}
  m_LocalScale: {x: 35.329147, y: 35.32914, z: 35.32914}
  m_Children: []
  m_Father: {fileID: 4585899818512570}
  m_RootOrder: 0
  m_LocalEulerAnglesHint: {x: 0, y: 0, z: 0}
--- !u!23 &23126587095443902
MeshRenderer:
  m_ObjectHideFlags: 1
  m_PrefabParentObject: {fileID: 0}
  m_PrefabInternal: {fileID: 100100000}
  m_GameObject: {fileID: 1805475267940842}
  m_Enabled: 1
  m_CastShadows: 1
  m_ReceiveShadows: 1
  m_MotionVectors: 1
  m_LightProbeUsage: 1
  m_ReflectionProbeUsage: 1
  m_Materials:
  - {fileID: 2100000, guid: 0ef8ee3d5fe65fc46927e7cb1e1a5917, type: 2}
  m_StaticBatchInfo:
    firstSubMesh: 0
    subMeshCount: 0
  m_StaticBatchRoot: {fileID: 0}
  m_ProbeAnchor: {fileID: 0}
  m_LightProbeVolumeOverride: {fileID: 0}
  m_ScaleInLightmap: 1
  m_PreserveUVs: 0
  m_IgnoreNormalsForChartDetection: 0
  m_ImportantGI: 0
  m_SelectedEditorRenderState: 3
  m_MinimumChartSize: 4
  m_AutoUVMaxDistance: 0.5
  m_AutoUVMaxAngle: 89
  m_LightmapParameters: {fileID: 0}
  m_SortingLayerID: 0
  m_SortingLayer: 0
  m_SortingOrder: 0
--- !u!23 &23220859247265790
MeshRenderer:
  m_ObjectHideFlags: 1
  m_PrefabParentObject: {fileID: 0}
  m_PrefabInternal: {fileID: 100100000}
  m_GameObject: {fileID: 1928911242689712}
  m_Enabled: 1
  m_CastShadows: 1
  m_ReceiveShadows: 1
  m_MotionVectors: 1
  m_LightProbeUsage: 1
  m_ReflectionProbeUsage: 1
  m_Materials:
  - {fileID: 2100000, guid: 0ef8ee3d5fe65fc46927e7cb1e1a5917, type: 2}
  m_StaticBatchInfo:
    firstSubMesh: 0
    subMeshCount: 0
  m_StaticBatchRoot: {fileID: 0}
  m_ProbeAnchor: {fileID: 0}
  m_LightProbeVolumeOverride: {fileID: 0}
  m_ScaleInLightmap: 1
  m_PreserveUVs: 0
  m_IgnoreNormalsForChartDetection: 0
  m_ImportantGI: 0
  m_SelectedEditorRenderState: 3
  m_MinimumChartSize: 4
  m_AutoUVMaxDistance: 0.5
  m_AutoUVMaxAngle: 89
  m_LightmapParameters: {fileID: 0}
  m_SortingLayerID: 0
  m_SortingLayer: 0
  m_SortingOrder: 0
--- !u!23 &23311912157962680
MeshRenderer:
  m_ObjectHideFlags: 1
  m_PrefabParentObject: {fileID: 0}
  m_PrefabInternal: {fileID: 100100000}
  m_GameObject: {fileID: 1915587209057952}
  m_Enabled: 1
  m_CastShadows: 1
  m_ReceiveShadows: 1
  m_MotionVectors: 1
  m_LightProbeUsage: 1
  m_ReflectionProbeUsage: 1
  m_Materials:
  - {fileID: 2100000, guid: 0ef8ee3d5fe65fc46927e7cb1e1a5917, type: 2}
  m_StaticBatchInfo:
    firstSubMesh: 0
    subMeshCount: 0
  m_StaticBatchRoot: {fileID: 0}
  m_ProbeAnchor: {fileID: 0}
  m_LightProbeVolumeOverride: {fileID: 0}
  m_ScaleInLightmap: 1
  m_PreserveUVs: 0
  m_IgnoreNormalsForChartDetection: 0
  m_ImportantGI: 0
  m_SelectedEditorRenderState: 3
  m_MinimumChartSize: 4
  m_AutoUVMaxDistance: 0.5
  m_AutoUVMaxAngle: 89
  m_LightmapParameters: {fileID: 0}
  m_SortingLayerID: 0
  m_SortingLayer: 0
  m_SortingOrder: 0
--- !u!33 &33233108252459292
MeshFilter:
  m_ObjectHideFlags: 1
  m_PrefabParentObject: {fileID: 0}
  m_PrefabInternal: {fileID: 100100000}
  m_GameObject: {fileID: 1805475267940842}
  m_Mesh: {fileID: 4300000, guid: af0f756e7fb57ce48a2645aef3981cd4, type: 3}
--- !u!33 &33475775671420272
MeshFilter:
  m_ObjectHideFlags: 1
  m_PrefabParentObject: {fileID: 0}
  m_PrefabInternal: {fileID: 100100000}
  m_GameObject: {fileID: 1915587209057952}
  m_Mesh: {fileID: 4300000, guid: e7a6991edfa4ca74ebdb066c4dd9c966, type: 3}
--- !u!33 &33848130095075882
MeshFilter:
  m_ObjectHideFlags: 1
  m_PrefabParentObject: {fileID: 0}
  m_PrefabInternal: {fileID: 100100000}
  m_GameObject: {fileID: 1928911242689712}
  m_Mesh: {fileID: 4300000, guid: 3156e50dcae0da049938e5584ab3a38c, type: 3}
--- !u!54 &54100539009955772
Rigidbody:
  m_ObjectHideFlags: 1
  m_PrefabParentObject: {fileID: 0}
  m_PrefabInternal: {fileID: 100100000}
  m_GameObject: {fileID: 1156663751663788}
  serializedVersion: 2
  m_Mass: 1
  m_Drag: 0
  m_AngularDrag: 0.05
  m_UseGravity: 1
  m_IsKinematic: 1
  m_Interpolate: 0
  m_Constraints: 0
  m_CollisionDetection: 0
--- !u!65 &65909411511166114
BoxCollider:
  m_ObjectHideFlags: 1
  m_PrefabParentObject: {fileID: 0}
  m_PrefabInternal: {fileID: 100100000}
  m_GameObject: {fileID: 1156663751663788}
  m_Material: {fileID: 0}
  m_IsTrigger: 1
  m_Enabled: 1
  serializedVersion: 2
  m_Size: {x: 0.54, y: 0.15, z: 0.12}
  m_Center: {x: 0, y: 0, z: 0}
--- !u!114 &114272672926478254
MonoBehaviour:
  m_ObjectHideFlags: 1
  m_PrefabParentObject: {fileID: 0}
  m_PrefabInternal: {fileID: 100100000}
  m_GameObject: {fileID: 1271552329485700}
  m_Enabled: 0
  m_EditorHideFlags: 0
  m_Script: {fileID: 11500000, guid: 6ed75ac6427f0264ba1bbaa73aab5add, type: 3}
  m_Name: 
  m_EditorClassIdentifier: 
  targetMatIndices: 
  objRenderer: {fileID: 0}
--- !u!114 &114281205128694066
MonoBehaviour:
  m_ObjectHideFlags: 1
  m_PrefabParentObject: {fileID: 0}
  m_PrefabInternal: {fileID: 100100000}
  m_GameObject: {fileID: 1156663751663788}
  m_Enabled: 1
  m_EditorHideFlags: 0
  m_Script: {fileID: 11500000, guid: bedde953f1e1f4416b47d281a5e2397a, type: 3}
  m_Name: 
  m_EditorClassIdentifier: 
  deactivate: 1
  reset: 0
  reactivateChildrenOnDeactivation: 0
  resetPosition: 0
  baseObj: {fileID: 4500370782937026}
  weatherable: {fileID: 0}
  materialIndx: 0
--- !u!114 &114428362974631836
MonoBehaviour:
  m_ObjectHideFlags: 1
  m_PrefabParentObject: {fileID: 0}
  m_PrefabInternal: {fileID: 100100000}
  m_GameObject: {fileID: 1915587209057952}
  m_Enabled: 1
  m_EditorHideFlags: 0
  m_Script: {fileID: 11500000, guid: 92f54fc36648f1d449279cb97f91c890, type: 3}
  m_Name: 
  m_EditorClassIdentifier: 
  useRandomColor: 1
  objectType: 1
  startingColor: {r: 0.39607847, g: 0.5803922, b: 0.882353, a: 1}
--- !u!114 &114617344792902658
MonoBehaviour:
  m_ObjectHideFlags: 1
  m_PrefabParentObject: {fileID: 0}
  m_PrefabInternal: {fileID: 100100000}
  m_GameObject: {fileID: 1928911242689712}
  m_Enabled: 1
  m_EditorHideFlags: 0
  m_Script: {fileID: 11500000, guid: 92f54fc36648f1d449279cb97f91c890, type: 3}
  m_Name: 
  m_EditorClassIdentifier: 
  useRandomColor: 0
  objectType: 0
  startingColor: {r: 0.7636786, g: 0.9191176, b: 0.9191176, a: 1}
--- !u!114 &114827723804205414
MonoBehaviour:
  m_ObjectHideFlags: 1
  m_PrefabParentObject: {fileID: 0}
  m_PrefabInternal: {fileID: 100100000}
  m_GameObject: {fileID: 1271552329485700}
  m_Enabled: 0
  m_EditorHideFlags: 0
  m_Script: {fileID: 11500000, guid: b9989581e806e4341be51faea00ab571, type: 3}
  m_Name: 
  m_EditorClassIdentifier: 
  objRenderer: {fileID: 0}
  matIndex: 0000000002000000
  colors:
  - {r: 0.6764706, g: 0.6764706, b: 0.6764706, a: 0}
  - {r: 0.7647059, g: 0.7119675, b: 0.5735294, a: 0}
  - {r: 0.40381703, g: 0.4250917, b: 0.5661765, a: 0}
  - {r: 0.3408845, g: 0.47794116, b: 0.35317233, a: 1}
  - {r: 0.64705884, g: 0.4465756, b: 0.33780277, a: 1}
--- !u!114 &114850428372211256
MonoBehaviour:
  m_ObjectHideFlags: 1
  m_PrefabParentObject: {fileID: 0}
  m_PrefabInternal: {fileID: 100100000}
  m_GameObject: {fileID: 1805475267940842}
  m_Enabled: 1
  m_EditorHideFlags: 0
  m_Script: {fileID: 11500000, guid: 92f54fc36648f1d449279cb97f91c890, type: 3}
  m_Name: 
  m_EditorClassIdentifier: 
  useRandomColor: 1
  objectType: 0
  startingColor: {r: 0.44117647, g: 0.44117647, b: 0.44117647, a: 1}
